<record><leader>00000cas a22000007a 4500</leader><controlfield tag="001">13391975</controlfield><controlfield tag="008">860404d19031920paudr ne      0    0eng d</controlfield><datafield ind1=" " ind2=" " tag="010"><subfield code="a">sn 86081238 </subfield></datafield><datafield ind1=" " ind2=" " tag="040"><subfield code="a">NPH</subfield><subfield code="b">eng</subfield><subfield code="c">NPH</subfield><subfield code="d">OCLCQ</subfield></datafield><datafield ind1=" " ind2=" " tag="042"><subfield code="a">msc</subfield></datafield><datafield ind1="0" ind2=" " tag="130"><subfield code="a">Daily sentinel (Lewistown, Pa. : 1903)</subfield></datafield><datafield ind1="1" ind2="4" tag="245"><subfield code="a">The daily sentinel.</subfield></datafield><datafield ind1=" " ind2=" " tag="260"><subfield code="a">Lewistown, Pa. :</subfield><subfield code="b">[H.J. Fosnot],</subfield><subfield code="c">1903-1920.</subfield></datafield><datafield ind1=" " ind2=" " tag="300"><subfield code="a">17 v.</subfield></datafield><datafield ind1=" " ind2=" " tag="310"><subfield code="a">Daily</subfield></datafield><datafield ind1="0" ind2=" " tag="362"><subfield code="a">Oct. 10, 1903- Dec. 15, 1920.</subfield></datafield><datafield ind1=" " ind2=" " tag="500"><subfield code="a">"An evening newspaper issued every weekday."</subfield></datafield><datafield ind1=" " ind2=" " tag="515"><subfield code="a">Earlier issues have vol. and numbering designations also.</subfield></datafield><datafield ind1=" " ind2=" " tag="515"><subfield code="a">Issues for &lt;1920-&gt; called also &lt;18th yr.-&gt;.</subfield></datafield><datafield ind1=" " ind2=" " tag="752"><subfield code="a">United States</subfield><subfield code="b">Pennsylvania</subfield><subfield code="c">Mifflin</subfield><subfield code="d">Lewistown.</subfield></datafield><datafield ind1="0" ind2="0" tag="785"><subfield code="t">Sentinel (Lewistown, Pa.)</subfield><subfield code="w">(DLC)sn 86081239</subfield></datafield></record>